<?xml version="1.0" encoding="utf-8" standalone="yes"?><Document xmlns:xsi="http://www.w3.org/2001/XMLSchema-instance" xmlns="urn:iso:std:iso:20022:tech:xsd:pain.001.001.03"><CstmrCdtTrfInitn><GrpHdr><MsgId>123456789012345678</MsgId><CreDtTm>2024-03-15T14:30:00</CreDtTm><NbOfTxs>1</NbOfTxs><CtrlSum>250.75</CtrlSum><InitgPty><Nm>ACME CORP B.V.</Nm></InitgPty></GrpHdr><PmtInf><PmtInfId>20240315143000-7891234</PmtInfId><PmtMtd>TRF</PmtMtd><BtchBookg>false</BtchBookg><NbOfTxs>1</NbOfTxs><CtrlSum>250.75</CtrlSum><PmtTpInf><SvcLvl><Cd>SEPA</Cd></SvcLvl><CtgyPurp><Cd>SUPP</Cd></CtgyPurp></PmtTpInf><ReqdExctnDt>2024-03-15</ReqdExctnDt><Dbtr><Nm>ACME CORP B.V.</Nm></Dbtr><DbtrAcct><Id><IBAN>NL91ABNA0417164300</IBAN></Id><Ccy>EUR</Ccy></DbtrAcct><DbtrAgt><FinInstnId><BIC>ABNANL2A</BIC></FinInstnId></DbtrAgt><ChrgBr>SLEV</ChrgBr><CdtTrfTxInf><PmtId><EndToEndId>20240315143000-7891234/1</EndToEndId></PmtId><Amt><InstdAmt Ccy="EUR">250.75</InstdAmt></Amt><CdtrAgt><FinInstnId><BIC>RABONL2U</BIC></FinInstnId></CdtrAgt><Cdtr><Nm>WIDGET SUPPLIES LTD</Nm></Cdtr><CdtrAcct><Id><IBAN>NL20RABO0300065264</IBAN></Id></CdtrAcct><RmtInf><Strd><CdtrRefInf><Tp><CdOrPrtry><Cd>SCOR</Cd></CdOrPrtry><Issr>CUR</Issr></Tp><Ref>1234567890123456</Ref></CdtrRefInf></Strd></RmtInf></CdtTrfTxInf></PmtInf></CstmrCdtTrfInitn></Document>
